@online{ms_pptp,
  author       = {Microsoft Corporation},
  title        = {Understanding Point-to-Point Tunneling Protocol (PPTP)},
  year         = {1997},
  url          = {https://wwwdisc.chimica.unipd.it/luigino.feltre/pubblica/unix/winnt_doc/pppt/understanding_pptp.html#:~:text=Introduction-,Point\%2Dto\%2DPoint\%20Tunneling\%20Protocol\%20(PPTP)\%20is\%20a,\%2FIP\%2Dbased\%20data\%20networks},
  urldate      = {2024-05-04},
}

@online{ms-chap,
  author       = {Microsoft Corporation},
  title        = {MS-CHAP Overview},
  year         = {2021},
  url          = {https://learn.microsoft.com/en-us/openspecs/windows_protocols/ms-chap/4740bf05-db7e-4542-998f-5a4478768438},
  urldate      = {2024-05-04},
}

@online{ibm_psk,
  author       = {IBM},
  title        = {Pre-Shared Key},
  year         = {2021},
  url          = {https://www.ibm.com/docs/en/zos/2.4.0?topic=authentication-pre-shared-key},
  urldate      = {2024-05-04},
}

@online{ibm_psk,
  author       = {Clemson University},
  title        = {The RC4 Stream Encryption Algorithm},
  year         = {2005},
  url          = {https://people.computing.clemson.edu/~jmarty/courses/commonCourseContent/AdvancedModule-SecurityConceptsAndApplicationToLinux/RC4ALGORITHM-Stallings.pdf},
  urldate      = {2024-05-04},
}
